@book{latex,
  author    = {Leslie Lamport},
  title     = {{\LaTeX - A Document Preparation System: User's Guide and
                Reference Manual, Second Edition}},
  publisher = {Pearson / Prentice Hall},
  year      = {1994},
  isbn      = {978-0-201-52983-8},
}
